@article{YU2018330,
title = "Process integration of organic Rankine cycle (ORC) and heat pump for low temperature waste heat recovery",
journal = "Energy",
volume = "160",
pages = "330 - 340",
year = "2018",
author = "Haoshui Yu and Truls Gundersen and Xiao Feng"
}

@Book{SmithVanNessAbbott,
title = "Introduction to chemical engineering thermodynamics",
author = "JM Smith and HC Van~Ness and MM Abbott",
publisher = "McGraw-Hill",
year = "2005",
address = "Boston, United States of America",
edition = "Seventh"}

@Book{ShaumThermo,
title = "Schaum's Outline of Thermodynamics for Engineers",
author = "Merle C. Potter and Craig W. Somerton",
publisher = "McGraw-Hill Education",
year = "2014",
address = "New York, United States of America",
edition = "Third"}

@article{Wang_2013,
	publisher = {{IOP} Publishing},
	volume = {48},
	number = {2},
	pages = {169-175},
	author = {Dake Wang and Haris Khan},
	title = {Understanding the thermal efficiency of heat engines: a graphical approach},
	journal = {Physics Education}}

@book{PedroMago,
	booktitle = "Exhaust Waste Heat Recovery From Stationary Engines Using Organic Rankine Cycles",
	author = "Mago and J Pedro and Srinivasan and K Kalyan",
	year = "2010",
	url = "https://app.knovel.com/hotlink/cases/id:kpEWHRFSEN/exhaust-waste-heat-recovery/exhaust-waste-heat-recovery",
	publisher = "Knovel",
}

@article{GuWengZheng,
author={W Gu and Y Weng and Y Wang and B Zheng},
year={2009},
month={08},
title={Theoretical and experimental investigation of an organic Rankine cycle for a waste heat recovery system},
journal={Proceedings of the Institution of Mechanical Engineers},
volume={223},
pages={523-533}}

@article{MagoChamraSomayaji,
author={PJ Mago and LM Chamra and C Somayaji},
year={2007},
month={05},
title={Performance analysis of different working fluids for use in organic Ranking cycles},
journal={Proceedings of the Institution of Mechanical Engineers},
volume={221},
pages={255-264}}

@book{MacchiEnnio,
	title = "Organic Rankine Cycle (ORC) Power Systems - Technologies and Applications",
	author = "Macchi and Ennio and Astolfi and Marco",
	year = "2017",
	publisher = "Elsevier",
}

@article{RoyMishraMisra,
    author = { J. P.   Roy  and  M. K.   Mishra  and  Ashok   Misra },
    title = {Parametric Optimization and Performance Analysis of a Regenerative Organic Rankine Cycle Using Low Grade Waste Heat for Power Generation},
    journal = {International Journal of Green Energy},
    volume = {8},
    number = {2},
    pages = {173-196},
    year  = {2011},
    publisher = {Taylor & Francis}
}

@Book{Kemp2007,
	title = "Pinch Analysis and Process Integration - A User Guide on Process Integration for the Efficient Use of Energy (2nd Edition)",
	author = "Ian C Kemp",
	year = "2007",
	publisher = "Elsevier",
	pages = {161-164}
	
}

@Book{Chang2014,
	title = "Physical Chemistry for the Chemical Sciences",
	author = "Chang and Raymond and Thoman and W. Jr. John",
	year = "2014",
	publisher = "University Science Books",
	pages = {135-138},
}

@Techreport{BCS2008,
    title = "Waste Heat Recovery:- Technology and Opportunities in U.S. Industry",
    author = {{BCS, Incorporated}},
    year = "2008",
    institution = "U.S. Department of Energy",
    group = " Industrial Technologies Programme",
}

@article{Coolprop,
    author = {Bell, Ian H. and Wronski, Jorrit and Quoilin, Sylvain and Lemort, Vincent},
    title = {Pure and Pseudo-pure Fluid Thermophysical Property Evaluation and
             the Open-Source Thermophysical Property Library CoolProp},
    journal = {Industrial \& Engineering Chemistry Research},
    volume = {53},
    number = {6},
    pages = {2498--2508},
    year = {2014},
    URL = {http://pubs.acs.org/doi/abs/10.1021/ie4033999},
    }